<?xml version="1.0" encoding="UTF-8"?><record xmlns="http://www.loc.gov/MARC21/slim" xmlns:cinclude="http://apache.org/cocoon/include/1.0" xmlns:zs="http://www.loc.gov/zing/srw/">
  <leader>00384nz  a2200121n  4500</leader>
  <controlfield tag="001">n  88120902 </controlfield>
  <controlfield tag="003">DLC</controlfield>
  <controlfield tag="005">19880728091935.8</controlfield>
  <controlfield tag="008">880523n| acannaab|          |n aaa |||  </controlfield>
  <datafield tag="010" ind1=" " ind2=" ">
    <subfield code="a">n  88120902 </subfield>
  </datafield>
  <datafield tag="040" ind1=" " ind2=" ">
    <subfield code="a">DLC</subfield>
    <subfield code="c">DLC</subfield>
    <subfield code="d">DLC</subfield>
  </datafield>
  <datafield tag="100" ind1="1" ind2="0">
    <subfield code="a">Storrs, Thomas I.</subfield>
  </datafield>
  <datafield tag="670" ind1=" " ind2=" ">
    <subfield code="a">The Bankers' handbook, c1988:</subfield>
    <subfield code="b">t.p. (Thomas I. Storrs, retired chairman, NCNB Corp.) jkt. (M.A., Ph.D. (econ.) Harvard Univ.)</subfield>
  </datafield>
</record>